{"doge_usd":[{"type":"ask","price":0.09,"amount":70,"tid":202593251,"timestamp":1652377089},{"type":"ask","price":0.09000001,"amount":85.94436533,"tid":202593250,"timestamp":1652377089},{"type":"ask","price":0.09099809,"amount":94.99091125,"tid":202593249,"timestamp":1652376973},{"type":"bid","price":0.09099824,"amount":85.46701804,"tid":202593248,"timestamp":1652376959},{"type":"bid","price":0.09099809,"amount":110.91704706,"tid":202593247,"timestamp":1652376958},{"type":"bid","price":0.09099824,"amount":70.90242646,"tid":202593246,"timestamp":1652376957},{"type":"bid","price":0.09099824,"amount":73.78859058,"tid":202593245,"timestamp":1652376957},{"type":"ask","price":0.0895121,"amount":1.2,"tid":202593244,"timestamp":1652376885},{"type":"ask","price":0.08951225,"amount":1.2,"tid":202593243,"timestamp":1652376835},{"type":"ask","price":0.0895121,"amount":3.53675388,"tid":202593242,"timestamp":1652376820},{"type":"bid","price":0.09054499,"amount":1.10928815,"tid":202593241,"timestamp":1652376701},{"type":"bid","price":0.09054498,"amount":90.47080766,"tid":202593240,"timestamp":1652376701},{"type":"ask","price":0.09,"amount":10.09462633,"tid":202593239,"timestamp":1652376551},{"type":"ask","price":0.09,"amount":2.01088244,"tid":202593238,"timestamp":1652376551},{"type":"ask","price":0.09,"amount":1.31517388,"tid":202593237,"timestamp":1652376551},{"type":"ask","price":0.09,"amount":9.42611488,"tid":202593236,"timestamp":1652376551},{"type":"ask","price":0.09,"amount":11.12280411,"tid":202593235,"timestamp":1652376551},{"type":"ask","price":0.09,"amount":11.12280422,"tid":202593234,"timestamp":1652376551},{"type":"ask","price":0.09,"amount":8.30740811,"tid":202593233,"timestamp":1652376551},{"type":"ask","price":0.09,"amount":2,"tid":202593232,"timestamp":1652376529},{"type":"ask","price":0.09,"amount":0.815396,"tid":202593231,"timestamp":1652376477},{"type":"ask","price":0.09,"amount":0.30297072,"tid":202593230,"timestamp":1652376477},{"type":"ask","price":0.09000015,"amount":1.16643543,"tid":202593229,"timestamp":1652376429},{"type":"ask","price":0.09,"amount":1.16961648,"tid":202593228,"timestamp":1652376337},{"type":"ask","price":0.09000001,"amount":1.12416228,"tid":202593227,"timestamp":1652376190},{"type":"ask","price":0.09000001,"amount":18.45,"tid":202593226,"timestamp":1652376101},{"type":"bid","price":0.09095703,"amount":43.34060007,"tid":202593225,"timestamp":1652375885},{"type":"ask","price":0.09045003,"amount":1.11045274,"tid":202593224,"timestamp":1652375399},{"type":"ask","price":0.09045004,"amount":87.03879144,"tid":202593223,"timestamp":1652375386},{"type":"ask","price":0.09045004,"amount":1.11045274,"tid":202593222,"timestamp":1652375311},{"type":"ask","price":0.09045004,"amount":1.11045274,"tid":202593221,"timestamp":1652375311},{"type":"ask","price":0.09000003,"amount":1.21111074,"tid":202593220,"timestamp":1652375219},{"type":"ask","price":0.09130969,"amount":92.94689233,"tid":202593219,"timestamp":1652375051},{"type":"bid","price":0.09130969,"amount":89.98088281,"tid":202593218,"timestamp":1652375051},{"type":"ask","price":0.0905,"amount":1.81829653,"tid":202593217,"timestamp":1652375031},{"type":"ask","price":0.0905,"amount":2.58978532,"tid":202593216,"timestamp":1652375025},{"type":"ask","price":0.0905,"amount":2.58978532,"tid":202593215,"timestamp":1652375017},{"type":"ask","price":0.0905,"amount":2.06833616,"tid":202593214,"timestamp":1652375008},{"type":"ask","price":0.0905,"amount":3.88183759,"tid":202593213,"timestamp":1652374949},{"type":"ask","price":0.09000017,"amount":11.17150955,"tid":202593212,"timestamp":1652374905},{"type":"bid","price":0.09085314,"amount":1.10552573,"tid":202593211,"timestamp":1652374902},{"type":"ask","price":0.09000017,"amount":19.37568533,"tid":202593210,"timestamp":1652374887},{"type":"ask","price":0.09000017,"amount":27.92877516,"tid":202593209,"timestamp":1652374846},{"type":"ask","price":0.09000017,"amount":1.11668268,"tid":202593208,"timestamp":1652374815},{"type":"ask","price":0.09000017,"amount":1.11862213,"tid":202593207,"timestamp":1652374807},{"type":"ask","price":0.09000017,"amount":10.2844811,"tid":202593206,"timestamp":1652374794},{"type":"ask","price":0.09000018,"amount":3.83464871,"tid":202593205,"timestamp":1652374794},{"type":"ask","price":0.09000018,"amount":3.17811043,"tid":202593204,"timestamp":1652374642},{"type":"ask","price":0.09000017,"amount":63.11971983,"tid":202593203,"timestamp":1652374622},{"type":"ask","price":0.09000017,"amount":18.03700671,"tid":202593202,"timestamp":1652374594},{"type":"ask","price":0.09000003,"amount":1.15192652,"tid":202593201,"timestamp":1652374567},{"type":"ask","price":0.09000001,"amount":1.11527921,"tid":202593200,"timestamp":1652374511},{"type":"bid","price":0.091,"amount":10.02371124,"tid":202593199,"timestamp":1652374493},{"type":"bid","price":0.091,"amount":1.99675588,"tid":202593198,"timestamp":1652374492},{"type":"bid","price":0.091,"amount":1.30593488,"tid":202593197,"timestamp":1652374492},{"type":"bid","price":0.091,"amount":20.16886319,"tid":202593196,"timestamp":1652374492},{"type":"bid","price":0.090545,"amount":1.10928803,"tid":202593195,"timestamp":1652374481},{"type":"ask","price":0.09000001,"amount":61.20596027,"tid":202593194,"timestamp":1652374456},{"type":"ask","price":0.09000001,"amount":2.78819803,"tid":202593193,"timestamp":1652374455},{"type":"ask","price":0.09000001,"amount":5.57171992,"tid":202593192,"timestamp":1652374431},{"type":"ask","price":0.09000001,"amount":11.13503972,"tid":202593191,"timestamp":1652374386},{"type":"ask","price":0.09,"amount":10.02371124,"tid":202593190,"timestamp":1652374347},{"type":"bid","price":0.091,"amount":2979.83113681,"tid":202593189,"timestamp":1652374343},{"type":"bid","price":0.091,"amount":9.35989622,"tid":202593188,"timestamp":1652374343},{"type":"bid","price":0.091,"amount":11.044666,"tid":202593187,"timestamp":1652374343},{"type":"bid","price":0.091,"amount":11.04466611,"tid":202593186,"timestamp":1652374342},{"type":"bid","price":0.091,"amount":11.044666,"tid":202593185,"timestamp":1652374342},{"type":"bid","price":0.091,"amount":11.41553654,"tid":202593184,"timestamp":1652374342},{"type":"bid","price":0.09000001,"amount":58.63090162,"tid":202593183,"timestamp":1652374342},{"type":"bid","price":0.09,"amount":1.32881966,"tid":202593182,"timestamp":1652374342},{"type":"bid","price":0.08999986,"amount":363.46895287,"tid":202593181,"timestamp":1652374342},{"type":"bid","price":0.08999985,"amount":23.47155395,"tid":202593180,"timestamp":1652374342},{"type":"bid","price":0.08910224,"amount":1.13246644,"tid":202593179,"timestamp":1652374342},{"type":"ask","price":0.08855001,"amount":1.14898613,"tid":202593178,"timestamp":1652374119},{"type":"ask","price":0.08850096,"amount":2.04662702,"tid":202593177,"timestamp":1652374064},{"type":"ask","price":0.08850096,"amount":1.45747718,"tid":202593176,"timestamp":1652374064},{"type":"ask","price":0.08850081,"amount":19.95052444,"tid":202593175,"timestamp":1652374054},{"type":"bid","price":0.08910225,"amount":1.1272497,"tid":202593174,"timestamp":1652373990},{"type":"ask","price":0.08850031,"amount":3.34891789,"tid":202593173,"timestamp":1652373938},{"type":"ask","price":0.0880016,"amount":354.19457318,"tid":202593172,"timestamp":1652373896},{"type":"bid","price":0.089,"amount":1.30032716,"tid":202593171,"timestamp":1652373736},{"type":"ask","price":0.08756003,"amount":2.37204338,"tid":202593170,"timestamp":1652373438},{"type":"bid","price":0.08899999,"amount":2.37192626,"tid":202593169,"timestamp":1652373377},{"type":"bid","price":0.08899999,"amount":1.23595519,"tid":202593168,"timestamp":1652373373},{"type":"bid","price":0.08899999,"amount":8.31010745,"tid":202593167,"timestamp":1652373323},{"type":"bid","price":0.08899999,"amount":8.31010745,"tid":202593166,"timestamp":1652373318},{"type":"bid","price":0.08899999,"amount":56.17978159,"tid":202593165,"timestamp":1652373287},{"type":"bid","price":0.088,"amount":1.24541011,"tid":202593164,"timestamp":1652373250},{"type":"ask","price":0.08756001,"amount":69.93006993,"tid":202593163,"timestamp":1652373095},{"type":"bid","price":0.08756,"amount":1.14759692,"tid":202593162,"timestamp":1652372986},{"type":"bid","price":0.08753864,"amount":17.55737433,"tid":202593161,"timestamp":1652372776},{"type":"bid","price":0.087,"amount":1.21828372,"tid":202593160,"timestamp":1652372660},{"type":"bid","price":0.08666326,"amount":8.27699093,"tid":202593159,"timestamp":1652372659},{"type":"bid","price":0.08666326,"amount":2.87897084,"tid":202593158,"timestamp":1652372462},{"type":"bid","price":0.08666326,"amount":4.80528761,"tid":202593157,"timestamp":1652372453},{"type":"ask","price":0.08500079,"amount":1.2941079,"tid":202593156,"timestamp":1652372201},{"type":"bid","price":0.08659999,"amount":2.58823438,"tid":202593155,"timestamp":1652372135},{"type":"ask","price":0.08500004,"amount":1.29411719,"tid":202593154,"timestamp":1652372018},{"type":"ask","price":0.08500004,"amount":1.29411719,"tid":202593153,"timestamp":1652372018},{"type":"ask","price":0.08500001,"amount":2.22973933,"tid":202593152,"timestamp":1652371993},{"type":"ask","price":0.08500001,"amount":1.29411749,"tid":202593151,"timestamp":1652371966},{"type":"bid","price":0.08649007,"amount":2522.86573737,"tid":202593150,"timestamp":1652371703},{"type":"bid","price":0.08649001,"amount":3460.13129388,"tid":202593149,"timestamp":1652371703},{"type":"bid","price":0.08649001,"amount":1.27182318,"tid":202593148,"timestamp":1652371641},{"type":"bid","price":0.08648994,"amount":1.27182421,"tid":202593147,"timestamp":1652371534},{"type":"bid","price":0.08648994,"amount":1.27182421,"tid":202593146,"timestamp":1652371482},{"type":"bid","price":0.08648994,"amount":1.27182421,"tid":202593145,"timestamp":1652371379},{"type":"bid","price":0.08648994,"amount":1.1743303,"tid":202593144,"timestamp":1652371338},{"type":"bid","price":0.08648994,"amount":1.16776586,"tid":202593143,"timestamp":1652371333},{"type":"ask","price":0.08500048,"amount":2.95395119,"tid":202593142,"timestamp":1652370883},{"type":"bid","price":0.08648665,"amount":137.47065699,"tid":202593141,"timestamp":1652370503},{"type":"bid","price":0.08648665,"amount":137.47065699,"tid":202593140,"timestamp":1652370499},{"type":"bid","price":0.0864865,"amount":37.34666565,"tid":202593139,"timestamp":1652370479},{"type":"bid","price":0.0864865,"amount":87.2434117,"tid":202593138,"timestamp":1652370476},{"type":"bid","price":0.0864865,"amount":87.2434117,"tid":202593137,"timestamp":1652370472},{"type":"bid","price":0.08648665,"amount":115.39399341,"tid":202593136,"timestamp":1652370237},{"type":"bid","price":0.0864865,"amount":35.86904938,"tid":202593135,"timestamp":1652370176},{"type":"bid","price":0.08648665,"amount":66.108065,"tid":202593134,"timestamp":1652369978},{"type":"bid","price":0.0864865,"amount":180.67178854,"tid":202593133,"timestamp":1652369888},{"type":"bid","price":0.08648665,"amount":208.68889534,"tid":202593132,"timestamp":1652369885},{"type":"bid","price":0.08605976,"amount":58.09730993,"tid":202593131,"timestamp":1652369885},{"type":"bid","price":0.086,"amount":1.22802788,"tid":202593130,"timestamp":1652369885},{"type":"bid","price":0.08500003,"amount":0.36285507,"tid":202593129,"timestamp":1652369885},{"type":"bid","price":0.085,"amount":1.23633107,"tid":202593128,"timestamp":1652369885},{"type":"bid","price":0.08299998,"amount":0.00119575,"tid":202593127,"timestamp":1652369164},{"type":"bid","price":0.08299998,"amount":18.07109122,"tid":202593126,"timestamp":1652369155},{"type":"ask","price":0.08200015,"amount":192.77364899,"tid":202593125,"timestamp":1652368911},{"type":"ask","price":0.08200015,"amount":10.34199582,"tid":202593124,"timestamp":1652368908},{"type":"ask","price":0.08200015,"amount":225.25868216,"tid":202593123,"timestamp":1652368905},{"type":"ask","price":0.08299999,"amount":63.98387935,"tid":202593122,"timestamp":1652368905},{"type":"ask","price":0.08300001,"amount":18.07228697,"tid":202593121,"timestamp":1652368905},{"type":"ask","price":0.08442008,"amount":1.18715832,"tid":202593120,"timestamp":1652368905},{"type":"ask","price":0.083,"amount":15.18252897,"tid":202593119,"timestamp":1652368776},{"type":"ask","price":0.084,"amount":1.23633107,"tid":202593118,"timestamp":1652368776},{"type":"ask","price":0.085,"amount":1.22802788,"tid":202593117,"timestamp":1652368776},{"type":"bid","price":0.08500003,"amount":1.23622124,"tid":202593116,"timestamp":1652368704},{"type":"bid","price":0.086,"amount":1.21861329,"tid":202593115,"timestamp":1652368657},{"type":"bid","price":0.085,"amount":0.01151749,"tid":202593114,"timestamp":1652368657},{"type":"bid","price":0.084575,"amount":1.1875907,"tid":202593113,"timestamp":1652368657},{"type":"bid","price":0.085,"amount":1.22668298,"tid":202593112,"timestamp":1652368602},{"type":"bid","price":0.08299998,"amount":12.32100001,"tid":202593111,"timestamp":1652368508},{"type":"bid","price":0.08299998,"amount":84.07708148,"tid":202593110,"timestamp":1652368508},{"type":"ask","price":0.082,"amount":0.93994957,"tid":202593109,"timestamp":1652368505},{"type":"ask","price":0.08299999,"amount":42.48415632,"tid":202593108,"timestamp":1652368505},{"type":"ask","price":0.084,"amount":1.23820047,"tid":202593107,"timestamp":1652368505},{"type":"ask","price":0.085,"amount":1.21861329,"tid":202593106,"timestamp":1652368505},{"type":"ask","price":0.08500002,"amount":17.64688792,"tid":202593105,"timestamp":1652368505},{"type":"ask","price":0.08500003,"amount":93.84404993,"tid":202593104,"timestamp":1652368505},{"type":"ask","price":0.08605976,"amount":0.00000079,"tid":202593103,"timestamp":1652368505},{"type":"ask","price":0.08605976,"amount":1.35487276,"tid":202593102,"timestamp":1652368447}]}